@article{mollajafari_2023_blockchain,
  author = {Mollajafari, Sepideh and Bechkoum, Kamal},
  year = {2023},
  month = {01},
  title = {Blockchain Technology and Related Security Risks: Towards a Seven-Layer Perspective and Taxonomy},
  journal = {Sustainability},
  volume = {15},
  pages = {13401},
  doi = {10.3390/su151813401},
  url = {https://www.mdpi.com/2071-1050/15/18/13401}
}

@article{kushwaha_2022_systematic,
  author = {Kushwaha, Satpal Singh and Joshi, Sandeep and Singh, Dilbag and Kaur, Manjit and Lee, Heung-No},
  year = {2022},
  title = {Systematic Review of Security Vulnerabilities in Ethereum Blockchain Smart Contract},
  journal = {IEEE Access},
  volume = {10},
  pages = {6605--6621},
  doi = {10.1109/access.2021.3140091}
}

@article{sayeed_2020_proof,
  author = {Sayeed, Sarwar and Marco-Gisbert, Hector},
  year = {2020},
  month = {09},
  title = {Proof of Adjourn (PoAj): A Novel Approach to Mitigate Blockchain Attacks},
  journal = {Applied Sciences},
  volume = {10},
  pages = {6607},
  doi = {10.3390/app10186607}
}

@misc{dwivedi_2024_a,
  author = {Dwivedi, Kaustubh and Agrawal, Ankit and Bhatia, Ashutosh and Tiwari, Kamlesh},
  year = {2024},
  month = {04},
  title = {A Novel Classification of Attacks on Blockchain Layers: Vulnerabilities, Attacks, Mitigations, and Research Directions},
  url = {https://arxiv.org/abs/2404.18090},
  doi = {10.48550/arXiv.2404.18090},
  note = {arXiv.org}
}