@article{MARIJAN,
title = {Blockchain verification and validation: Techniques, challenges, and research directions},
journal = {Computer Science Review},
volume = {45},
pages = {100492},
year = {2022},
issn = {1574-0137},
doi = {https://doi.org/10.1016/j.cosrev.2022.100492},
url = {https://www.sciencedirect.com/science/article/pii/S1574013722000314},
author = {Dusica Marijan and Chhagan Lal},
keywords = {Blockchain, Smart contracts, P2P, Consensus, Ledger, Testing, Verification, Validation, Simulation, Benchmarking, Software testing, Security testing, Performance testing, System under test, Formal verification, Platform testing},
}

@article{Hossain,
  author={Rifat Hossain, Md. and Nirob, Foysal Ahamed and Islam, Arafat and Rakin, Tanjim Mahmud and Al-Amin, Md.},
  journal={IEEE Access}, 
  title={A Comprehensive Analysis of Blockchain Technology and Consensus Protocols Across Multilayered Framework}, 
  year={2024},
  volume={12},
  number={},
  pages={63087-63129},
  keywords={Blockchains;Cryptography;Security;Consensus protocol;Bitcoin;Smart contracts;Privacy;Cryptocurrency;Smart contracts;Interoperability;Blockchain;consensus mechanism;cryptocurrency;cryptography;decentralization;distributed ledger;distributed ledger technology (DLT);hash function;immutable ledger;interoperability;mining;node;smart contracts},
  doi={10.1109/ACCESS.2024.3395536}
}

@article{kushwaha,
  author = {Kushwaha, Satpal Singh and Joshi, Sandeep and Singh, Dilbag and Kaur, Manjit and Lee, Heung-No},
  year = {2022},
  title = {Systematic Review of Security Vulnerabilities in Ethereum Blockchain Smart Contract},
  journal = {IEEE Access},
  volume = {10},
  pages = {6605--6621},
  doi = {10.1109/access.2021.3140091}
}

@article{sayeed,
  author = {Sayeed, Sarwar and Marco-Gisbert, Hector},
  year = {2020},
  month = {09},
  title = {Proof of Adjourn (PoAj): A Novel Approach to Mitigate Blockchain Attacks},
  journal = {Applied Sciences},
  volume = {10},
  pages = {6607},
  doi = {10.3390/app10186607}
}
